<?xml version="1.0" encoding="UTF-8" ?><marc:collection xmlns:marc="http://www.loc.gov/MARC21/slim" xmlns:xsi="http://www.w3.org/2001/XMLSchema-instance" xsi:schemaLocation="http://www.loc.gov/MARC21/slim http://www.loc.gov/standards/marcxml/schema/MARC21slim.xsd">
<marc:record><marc:leader>02668cam a2200469Ii 4500</marc:leader>
<marc:controlfield tag="001">b13731312</marc:controlfield>
<marc:controlfield tag="003">UaCaAUL</marc:controlfield><marc:controlfield tag="005">20180220015916.0</marc:controlfield><marc:controlfield tag="008">010828m19471948ua       b    000 0 ara c</marc:controlfield><marc:datafield tag="035" ind1=" " ind2=" "><marc:subfield code="a">(OCoLC)47856344</marc:subfield></marc:datafield><marc:datafield tag="040" ind1=" " ind2=" "><marc:subfield code="a">ZCU</marc:subfield><marc:subfield code="b">eng</marc:subfield><marc:subfield code="e">rda</marc:subfield><marc:subfield code="c">ZCU</marc:subfield><marc:subfield code="d">YUS</marc:subfield><marc:subfield code="d">OCLCQ</marc:subfield><marc:subfield code="d">MEAUC</marc:subfield></marc:datafield><marc:datafield tag="042" ind1=" " ind2=" "><marc:subfield code="a">pcc</marc:subfield></marc:datafield><marc:datafield tag="049" ind1=" " ind2=" "><marc:subfield code="a">MAIN</marc:subfield></marc:datafield><marc:datafield tag="050" ind1=" " ind2="4"><marc:subfield code="a">JC49</marc:subfield><marc:subfield code="b">.H785 1947</marc:subfield></marc:datafield><marc:datafield tag="066" ind1=" " ind2=" "><marc:subfield code="c">(3</marc:subfield></marc:datafield><marc:datafield tag="090" ind1=" " ind2=" "><marc:subfield code="a">DS223</marc:subfield><marc:subfield code="b">.H3x 1947</marc:subfield></marc:datafield><marc:datafield tag="100" ind1="1" ind2=" "><marc:subfield code="6">880-01</marc:subfield><marc:subfield code="a">Ḥusayn, ʻAbd Allāh.</marc:subfield></marc:datafield><marc:datafield tag="245" ind1="1" ind2="3"><marc:subfield code="6">880-02</marc:subfield><marc:subfield code="a">al-Dawlah al-Islāmīyah :</marc:subfield><marc:subfield code="b">fī fiqhihā wa-tashrīʻihā wa-siyāsatihā wa-idāratihā wa-ḥarbīyatihā wa-baḥrīyatihā wa-mālīyatihā wa-iqtiṣādihā wa-qaḍāʼihā maʻa al-muqāranah bi-nuẓum al-bilād al-ukhrá /</marc:subfield><marc:subfield code="c">ʻAbd Allāh Ḥusayn. = The Islamic state / Abdalla Hussein.</marc:subfield></marc:datafield><marc:datafield tag="246" ind1="1" ind2=" "><marc:subfield code="i">Added title in English:</marc:subfield><marc:subfield code="a">Islamic state.</marc:subfield></marc:datafield><marc:datafield tag="260" ind1=" " ind2=" "><marc:subfield code="6">880-03</marc:subfield><marc:subfield code="a">[Alexandria?] :</marc:subfield><marc:subfield code="b">Maṭbaʻat al-Shabāb al-Ḥadīthah,</marc:subfield><marc:subfield code="c">1947-1948.</marc:subfield></marc:datafield><marc:datafield tag="300" ind1=" " ind2=" "><marc:subfield code="a">506 pages ;</marc:subfield><marc:subfield code="c">23 cm.</marc:subfield></marc:datafield><marc:datafield tag="336" ind1=" " ind2=" "><marc:subfield code="a">text</marc:subfield><marc:subfield code="b">txt</marc:subfield><marc:subfield code="2">rdacontent.</marc:subfield></marc:datafield><marc:datafield tag="337" ind1=" " ind2=" "><marc:subfield code="a">unmediated</marc:subfield><marc:subfield code="b">n</marc:subfield><marc:subfield code="2">rdamedia.</marc:subfield></marc:datafield><marc:datafield tag="338" ind1=" " ind2=" "><marc:subfield code="a">volume</marc:subfield><marc:subfield code="b">nc</marc:subfield><marc:subfield code="2">rdacarrier.</marc:subfield></marc:datafield><marc:datafield tag="490" ind1="1" ind2=" "><marc:subfield code="6">880-04</marc:subfield><marc:subfield code="a">Silsilat al-Dirāsāt al-ʻArabīyah wa-al-Islāmīyah.</marc:subfield></marc:datafield><marc:datafield tag="500" ind1=" " ind2=" "><marc:subfield code="6">880-06</marc:subfield><marc:subfield code="a">Ḥuqūq al-ṭabʻ wa-al-tarjamah maḥfūzah lil-mu{u0092}allif.</marc:subfield></marc:datafield><marc:datafield tag="500" ind1=" " ind2=" "><marc:subfield code="6">880-07</marc:subfield><marc:subfield code="a">&quot;5 kutub maʻan min Silsilat al-Dirāsāt al-ʻArabīyah wa-al-Islāmīyah&quot;</marc:subfield></marc:datafield><marc:datafield tag="504" ind1=" " ind2=" "><marc:subfield code="a">Includes bibliographical references.</marc:subfield></marc:datafield><marc:datafield tag="650" ind1=" " ind2="0"><marc:subfield code="a">Islam and state.</marc:subfield></marc:datafield><marc:datafield tag="650" ind1=" " ind2="0"><marc:subfield code="a">Islam</marc:subfield><marc:subfield code="x">Politics and government.</marc:subfield></marc:datafield><marc:datafield tag="800" ind1="1" ind2=" "><marc:subfield code="6">880-05</marc:subfield><marc:subfield code="a">Ḥusayn, ʻAbd Allāh.</marc:subfield><marc:subfield code="t">Silsilat al-Dirāsāt al-ʻArabīyah wa-al-Islāmīyah.</marc:subfield></marc:datafield><marc:datafield tag="880" ind1="1" ind2=" "><marc:subfield code="6">100-01/(3/r</marc:subfield><marc:subfield code="a">حسين، عبد الله..</marc:subfield></marc:datafield><marc:datafield tag="880" ind1="1" ind2="2"><marc:subfield code="6">245-02/(3/r</marc:subfield><marc:subfield code="a">الدولة الإسلامية :‪</marc:subfield><marc:subfield code="b">في فقهها وتشريعها وسياستها وإدارتها وحربيتها وبحريتها وماليتها واقتصادها وقضائها مع المقارنة بنظم البلاد الخرى /‪</marc:subfield><marc:subfield code="c">عبد الله حسين.  = The Islamic state /  Abdalla Hussein.</marc:subfield></marc:datafield><marc:datafield tag="880" ind1=" " ind2=" "><marc:subfield code="6">260-03/(3/r</marc:subfield><marc:subfield code="a">[Alexandria?] :</marc:subfield><marc:subfield code="b">مطبعة الشباب الحديثة،‪</marc:subfield><marc:subfield code="c">1947-1948.</marc:subfield></marc:datafield><marc:datafield tag="880" ind1="1" ind2=" "><marc:subfield code="6">490-04/(3/r</marc:subfield><marc:subfield code="a">سلسلة الدراسات العربية والإسلامية.</marc:subfield></marc:datafield><marc:datafield tag="880" ind1="1" ind2=" "><marc:subfield code="6">800-05/(3/r</marc:subfield><marc:subfield code="a">حسين، عبد الله.‪</marc:subfield><marc:subfield code="t">سلسلة الدراسات العربية والإسلامية..</marc:subfield></marc:datafield><marc:datafield tag="880" ind1=" " ind2=" "><marc:subfield code="6">500-07/(3/r</marc:subfield><marc:subfield code="a">&quot;5 كتب معا من سلسلة الدراسات العربية والإسلامية&quot;.</marc:subfield></marc:datafield><marc:datafield tag="880" ind1=" " ind2=" "><marc:subfield code="6">500-06/(3/r</marc:subfield><marc:subfield code="a">حقوق الطبع والترجمة محفوظة للمؤلف..</marc:subfield></marc:datafield><marc:datafield tag="907" ind1=" " ind2=" "><marc:subfield code="a">.b13731312</marc:subfield><marc:subfield code="b">main </marc:subfield></marc:datafield><marc:datafield tag="902" ind1=" " ind2=" "><marc:subfield code="a">180326</marc:subfield></marc:datafield><marc:datafield tag="998" ind1=" " ind2=" "><marc:subfield code="b">1</marc:subfield><marc:subfield code="c">060613</marc:subfield><marc:subfield code="d">m</marc:subfield><marc:subfield code="e">a</marc:subfield><marc:subfield code="f">-</marc:subfield><marc:subfield code="g">3</marc:subfield><marc:subfield code="k">USA</marc:subfield></marc:datafield><marc:datafield tag="945" ind1=" " ind2=" "><marc:subfield code="l">main </marc:subfield></marc:datafield></marc:record>
</marc:collection>
